@article{survey_localization,
  title = {A Survey of Localization Techniques for Mobile Robots},
  author = {},
  journal = {IEEE Transactions on Robotics and Automation},
  volume = {21},
  number = {3},
  pages = {533-544},
  month = jun,
  year = {2015},
}

@article{indoor_localization,
  title = {Indoor Localization Using Smartphones: A Survey},
  author = {},
  journal = {IEEE Communications Surveys \& Tutorials},
  volume = {20},
  number = {3},
  pages = {1901-1933},
  month = {Thirdquarter},
  year = {2018},
}

@online{life360,
  author = {{Life360}},
  title = {{Life360: Localización familiar y seguridad}},
  year = {2024},
  month = {febrero 10},
  url = {https://www.life360.com/},
}

@online{google_family_link,
  author = {{Google}},
  title = {{Google Family Link}},
  year = {2024},
  month = {febrero 10},
  url = {https://families.google.com/familylink/},
}

@online{familytime,
  author = {{FamilyTime}},
  title = {{FamilyTime: Seguridad parental y control de pantalla}},
  year = {2024},
  month = {febrero 11},
  url = {https://familytime.io/es/},
}

@article{child_safety,
  title = {Child Safety in the Digital Age: A Review of the Literature},
  author = {},
  journal = {IEEE Technology and Society Magazine},
  volume = {38},
  number = {2},
  pages = {42-50},
  month = {Summer},
  year = {2019},
}

@online{unesco_bullying,
  author = {{UNESCO}},
  title = {{Informe Mundial sobre el Bullying}},
  year = {2019},
}

@online{beneficios_prototipado,
  author = {{INFINITIA Industrial Consulting}},
  title = {{Beneficios del prototipado y técnicas más habituales}},
  year = {2022},
  month = {16-May},
  url = {https://www.infinitiaresearch.com/noticias/prototipado-definicion-fases-tecnica/},
}

@online{modelo_prototipos,
  author = {{EcuRed}},
  title = {{Modelo de prototipos}},
  url = {https://www.ecured.cu/Modelo_de_prototipos},
  year = {2023},
  month = {21-Apr},
}
